@misc{hernandez2010metodologia,
  title={Metodolog{\'\i}a de la investigaci{\'o}n},
  author={Hern{\'a}ndez Sampieri, Roberto and Fern{\'a}ndez Collado, Carlos and Baptista Lucio, Pilar and others},
  year={2010},
  publisher={M{\'e}xico: McGraw-Hill}
}
@inproceedings{lakshmanan2010predictive,
  title={Predictive analytics for semi-structured case oriented business processes},
  author={Lakshmanan, Geetika T and Duan, Songyun and Keyser, Paul T and Curbera, Francisco and Khalaf, Rania},
  booktitle={International Conference on Business Process Management},
  pages={640--651},
  year={2010},
  organization={Springer}
}
@article{alon2017nonstochastic,
  title={Nonstochastic multi-armed bandits with graph-structured feedback},
  author={Alon, Noga and Cesa-Bianchi, Nicolo and Gentile, Claudio and Mannor, Shie and Mansour, Yishay and Shamir, Ohad},
  journal={SIAM Journal on Computing},
  volume={46},
  number={6},
  pages={1785--1826},
  year={2017},
  publisher={SIAM}
}
@inproceedings{xu2017online,
  title={Online learning with side information},
  author={Xu, Xiao and Vakili, Sattar and Zhao, Qing and Swami, Ananthram},
  booktitle={MILCOM 2017-2017 IEEE Military Communications Conference (MILCOM)},
  pages={303--308},
  year={2017},
  organization={IEEE}
}
@article{silver2017mastering,
  title={Mastering the game of go without human knowledge},
  author={Silver, David and Schrittwieser, Julian and Simonyan, Karen and Antonoglou, Ioannis and Huang, Aja and Guez, Arthur and Hubert, Thomas and Baker, Lucas and Lai, Matthew and Bolton, Adrian and others},
  journal={Nature},
  volume={550},
  number={7676},
  pages={354--359},
  year={2017},
  publisher={Nature Publishing Group}
}
@article{silver2016mastering,
  title={Mastering the game of Go with deep neural networks and tree search},
  author={Silver, David and Huang, Aja and Maddison, Chris J and Guez, Arthur and Sifre, Laurent and Van Den Driessche, George and Schrittwieser, Julian and Antonoglou, Ioannis and Panneershelvam, Veda and Lanctot, Marc and others},
  journal={nature},
  volume={529},
  number={7587},
  pages={484},
  year={2016},
  publisher={Nature Publishing Group}
}
@BOOK{Baz04,
  author = {Bazaraa, M. S. and J. J. Jarvis and H. D. Sherali},
  year = 2004,
  title = {Programaci\'on lineal y flujo en redes},
  edition = 2,
  publisher = {Limusa},
  address = {M\'exico, DF}
}
@ARTICLE{Dan82,
  author = {George B. Dantzig},
  year = 1982,
  title = {Reminiscences about the origins of linear programming},
  journal = {Operations Research Letters},
  volume = 1,
  number = 2,
  pages = {43--48}
}
@MISC{Mat11,
	author = {Miguel Mata},
	title  ={Bibliograf\'{\i}a en \LaTeX: Una gu\'{\i}a concisa de \textsc{Bib}\TeX},
	year = {2011},
	howpublished = {(versi\'on 0.3), recurso libre, disponible en http://logistica.fime.uanl.mx/miguel/docs/BibTeX.pdf}
}
@book{parnell2011decision,
  title={Decision making in systems engineering and management},
  author={Parnell, Gregory S and Driscoll, Patrick J and Henderson, Dale L},
  volume={81},
  year={2011},
  publisher={Wiley Online Library}
}
@inproceedings{frece2012bpm,
  title={BPM and iBPMS in the Cloud},
  author={Frece, Ale{\v{s}} and Srdi{\'c}, Gregor and Juri{\v{c}}, Matja{\v{z}} B},
  booktitle={The 1st International Conference on CLoud Assisted ServiceS},
  pages={54},
  year={2012}
}
@article{buck2014prosywis,
  title={ProSyWis: concept and prototype for managing knowledge-intensive processes},
  author={Buck-Emden, R{\"u}diger},
  journal={Technical Report/Hochschule Bonn-Rhein-Sieg-University of Applied Sciences, Department of Computer Science},
  year={2014},
  publisher={Hochschule Bonn-Rhein-Sieg}
}
@inproceedings{sedlmayr2007automating,
  title={Automating standard operating procedures in intensive care},
  author={Sedlmayr, Martin and Rose, Thomas and Greiser, Torben and R{\"o}hrig, Rainer and Meister, Markus and Michel-Backofen, Achim},
  booktitle={International Conference on Advanced Information Systems Engineering},
  pages={516--530},
  year={2007},
  organization={Springer}
}
@article{khoshafian2015digital,
  title={Digital Prescriptive Maintenance},
  author={Khoshafian, Setrag and Rostetter, Carolyn},
  journal={Internet of Things, Process of Everything, BPM Everywhere},
  pages={1--20},
  year={2015}
}
@inproceedings{szelkagowski2018evolution,
  title={Evolution of the BPM Lifecycle},
  author={Szel{\k{a}}gowski, Marek},
  booktitle={Federated Conference on Computer Science and Information Systems},
  year={2018}
}
@article{galvis2014business,
  title={Business process management tools and its relation to business process life cycle: a literature review},
  author={Galvis-Lista, Ernesto A and Gonz{\'a}lez-Zabala, Mayda Patricia},
  journal={Ciencia e Ingenier{\'\i}a Neogranadina},
  volume={24},
  number={2},
  pages={37--55},
  year={2014},
  publisher={Universidad Militar Nueva Granada}
}
@article{serrano2019comparative,
  title={Comparative study of free software tools for Business Process Management},
  author={Serrano-Abreo, Edinson Ra{\'u}l and Castellanos-Granados, Hern{\'a}n Camilo},
  journal={Revista EIA},
  volume={16},
  number={31},
  pages={171--187},
  year={2019},
  publisher={Escuela de ingenieria de Antioquia}
}
@article{palmercase,
  title={Case management in industry 4.0: ACM and IoT},
  author={Palmer, N},
  journal={Innovation in Adaptive Case Managementâ€”Best Practices for Knowledge Workers},
  pages={17--24}
}
@article{bubeck2012regret,
  title={Regret analysis of stochastic and nonstochastic multi-armed bandit problems},
  author={Bubeck, S{\'e}bastien and Cesa-Bianchi, Nicolo and others},
  journal={Foundations and Trends{\textregistered} in Machine Learning},
  volume={5},
  number={1},
  pages={1--122},
  year={2012},
  publisher={Now Publishers, Inc.}
}
@incollection{shani2011evaluating,
  title={Evaluating recommendation systems},
  author={Shani, Guy and Gunawardana, Asela},
  booktitle={Recommender systems handbook},
  pages={257--297},
  year={2011},
  publisher={Springer}
}
@article{najera2017brief,
  title={Brief review of educational applications using data mining and machine learning},
  author={N{\'a}jera, Argelia Berenice Urbina and de la Calleja Mora, Jorge},
  journal={Redie. Revista Electr{\'o}nica de Investigaci{\'o}n Educativa},
  volume={19},
  number={4},
  pages={84--96},
  year={2017},
  publisher={Universidad Aut{\'o}noma de Baja California}
}
@InProceedings{Yun_2017_CVPR,
author = {Yun, Sangdoo and Choi, Jongwon and Yoo, Youngjoon and Yun, Kimin and Young Choi, Jin},
title = {Action-Decision Networks for Visual Tracking With Deep Reinforcement Learning},
booktitle = {The IEEE Conference on Computer Vision and Pattern Recognition (CVPR)},
month = {July},
year = {2017}
}
@article{khan2018systematic,
  title={Systematic review of decision making algorithms in extended neutrosophic sets},
  author={Khan, Mohsin and Son, Le Hoang and Ali, Mumtaz and Chau, Hoang Thi Minh and Na, Nguyen Thi Nhu and Smarandache, Florentin and others},
  journal={Symmetry},
  volume={10},
  number={8},
  pages={314},
  year={2018},
  publisher={Multidisciplinary Digital Publishing Institute}
}
@book{russell2004inteligencia,
  title={Inteligencia Artificial: un enfoque moderno},
  author={Russell, Stuart J and Norvig, Peter},
  number={04; Q335, R8y 2004.},
  year={2004}
}
@book{nielsen2015neural,
  title={Neural networks and deep learning},
  author={Nielsen, Michael A},
  volume={25},
  year={2015},
  publisher={Determination press San Francisco, CA, USA:}
}
@article{sutton1992reinforcement,
  title={Reinforcement learning is direct adaptive optimal control},
  author={Sutton, Richard S and Barto, Andrew G and Williams, Ronald J},
  journal={IEEE Control Systems Magazine},
  volume={12},
  number={2},
  pages={19--22},
  year={1992},
  publisher={IEEE}
}
@book{sutton1998introduction,
  title={Introduction to reinforcement learning},
  author={Sutton, Richard S and Barto, Andrew G and others},
  volume={135},
  year={1998},
  publisher={MIT press Cambridge}
}
@article{van2005case,
  title={Case handling: a new paradigm for business process support},
  author={Van der Aalst, Wil MP and Weske, Mathias and Gr{\"u}nbauer, Dolf},
  journal={Data \& Knowledge Engineering},
  volume={53},
  number={2},
  pages={129--162},
  year={2005},
  publisher={Elsevier}
}
@article{pucher2010elements,
  title={The elements of adaptive case management},
  author={Pucher, Max J},
  journal={Mastering the Unpredictable},
  pages={89--134},
  year={2010},
  publisher={Meghan-Kiffer Press, Tampa, FL}
}
@inproceedings{herbst2000machine,
  title={A machine learning approach to workflow management},
  author={Herbst, Joachim},
  booktitle={European conference on machine learning},
  pages={183--194},
  year={2000},
  organization={Springer}
}
@article{kim2005promoting,
  title={Promoting informed choice: evaluating a decision-making tool for family planning clients and providers in Mexico},
  author={Kim, Young Mi and Kols, Adrienne and Martin, Antonieta and Silva, David and Rinehart, Ward and Prammawat, Sarah and Johnson, Sarah and Church, Kathryn},
  journal={International family planning perspectives},
  pages={162--171},
  year={2005},
  publisher={JSTOR}
}
@phdthesis{lopezdata,
  title={Data mining model to predict academic performance at the Universidad Nacional de Colombia},
  author={L{\'o}pez Guar{\'\i}n, Camilo Ernesto and others},
  school={Universidad Nacional de Colombia},
  year={2013}
}
@misc{Pega2013,
author = {Pega},
title = {{Hoja de datos corporativa de Pegasystems}},
url = {https://www1.pega.com/es/insights/resources/hoja-de-datos-corporativa-de-pegasystems},
year = {2013}
}
@misc{IBMSaladePrensa2017,
author = {{IBM Sala de Prensa}},
title = {{Inteligencia Artificial de IBM alcanzar{\'{a}} a 100 millones de personas en Am{\'{e}}rica Latina en 2017}},
url = {http://www-03.ibm.com/press/mx/es/pressrelease/52757.wss},
year = {2017}
}
@techreport{IBMKnowledgeCenter2017,
author = {{IBM Knowledge Center}},
title = {{Gesti{\'{o}}n de procesos de negocio y gesti{\'{o}}n de casos}},
year = {2017}
}
@misc{Potrzeba2016,
author = {Potrzeba},
title = {{Machine Learning Contributing to BPM Innovation}},
url = {https://www.appian.com/blog/bpm/machine-learning-contributing-to-bpm-innovation},
year = {2016}
}
@InProceedings{AlarconMatta2007,
author = {{Alarc{\'{o}}n Matta}, Jos{\'{e}} Luis},
publisher = {Universidad Nacional Mayor de San Marcos. Programa Cybertesis PER{\'{U}}},
title = {{Modelo de gesti{\'{o}}n del conocimiento aplicado a la gesti{\'{o}}n de procesos de negocio}},
school = {Universidad Nacional Mayor de San Marcos - Facultad de IngenierÃ­a de Sistemas e InformÃ¡tica}, 
year = {2007}
}
@inproceedings{lee2005reinforcement,
  title={A reinforcement learning algorithm using temporal difference error in ant model},
  author={Lee, SeungGwan and Chung, TaeChoong},
  booktitle={International Work-Conference on Artificial Neural Networks},
  pages={217--224},
  year={2005},
  organization={Springer}
}
@article{zhou2019toward,
  title={Toward Optimal Adaptive Online Shortest Path Routing With Acceleration Under Jamming Attack},
  author={Zhou, Pan and Xu, Jie and Wang, Wei and Hu, Yuchong and Wu, Dapeng Oliver and Ji, Shouling},
  journal={IEEE/ACM Transactions on Networking},
  volume={27},
  number={5},
  pages={1815--1829},
  year={2019},
  publisher={IEEE}
}
@inproceedings{liu2012adaptive,
  title={Adaptive shortest-path routing under unknown and stochastically varying link states},
  author={Liu, Keqin and Zhao, Qing},
  booktitle={2012 10th International Symposium on Modeling and Optimization in Mobile, Ad Hoc and Wireless Networks (WiOpt)},
  pages={232--237},
  year={2012},
  organization={IEEE}
}
@inproceedings{liu2011multi,
  title={Multi-armed bandit problems with heavy-tailed reward distributions},
  author={Liu, Keqin and Zhao, Qing},
  booktitle={2011 49th Annual Allerton Conference on Communication, Control, and Computing (Allerton)},
  pages={485--492},
  year={2011},
  organization={IEEE}
}
@phdthesis{valko2016bandits,
  title={Bandits on graphs and structures},
  author={Valko, Michal},
  year={2016}
}
@phdthesis{AvilaCartes2018,
author = {{{\'{A}}vila Cartes}, Jorge Eduardo},
file = {::},
pages = {76},
school = {Universidad de ConcepciÃ³n. Facultad de Ciencias FÃ­sicas y MatemÃ¡ticas. Departamento de IngenierÃ­a MatemÃ¡tica},
title = {{Dise{\~{n}}o y an{\'{a}}lisis de algoritmos para encaminamiento en redes de comunicaci{\'{o}}n con fallos}},
year = {2018}
}
@article{thompson1933likelihood,
  title={On the likelihood that one unknown probability exceeds another in view of the evidence of two samples},
  author={Thompson, William R},
  journal={Biometrika},
  volume={25},
  number={3/4},
  pages={285--294},
  year={1933},
  publisher={JSTOR}
}
@inproceedings{tossou2017thompson,
  title={Thompson sampling for stochastic bandits with graph feedback},
  author={Tossou, Aristide CY and Dimitrakakis, Christos and Dubhashi, Devdatt},
  booktitle={Thirty-First AAAI Conference on Artificial Intelligence},
  year={2017}
}
@inproceedings{alon2015online,
  title={Online learning with feedback graphs: Beyond bandits},
  author={Alon, Noga and Cesa-Bianchi, Nicolo and Dekel, Ofer and Koren, Tomer},
  booktitle={Annual Conference on Learning Theory},
  volume={40},
  year={2015},
  organization={Microtome Publishing}
}
@article{gokcesu2018online,
  title={An online minimax optimal algorithm for adversarial multiarmed bandit problem},
  author={Gokcesu, Kaan and Kozat, Suleyman Serdar},
  journal={IEEE transactions on neural networks and learning systems},
  volume={29},
  number={11},
  pages={5565--5580},
  year={2018},
  publisher={IEEE}
}
@INPROCEEDINGS{8170860,  author={X. {Xu} and S. {Vakili} and Q. {Zhao} and A. {Swami}},  booktitle={MILCOM 2017 - 2017 IEEE Military Communications Conference (MILCOM)},  title={Online learning with side information},   year={2017},  volume={},  number={},  pages={303-308},
}
@misc{ADL2018,
author = {ADL},
file = {:D$\backslash$:/USUARIO ccuribe/Desktop/EscritorioDoc/Tesis Doc/ADL.txt:txt},
title = {{An introduction to Q-Learning: reinforcement learning}},
url = {shorturl.at/cnxK0},
year = {2018}
}
@book{tremblay1996matematica,
  title={Matem{\'a}tica discreta y l{\'o}gica},
  author={Tremblay, Jean Paul  and Grassmann, Winfried Karl},
  year={1996},
  publisher={Prentice Hall}
}
@book{hitpass2017bpm,
  title={BPM: Business Process Management: Fundamentos y Conceptos de Implementaci{\'o}n 4a Edici{\'o}n actualizada y ampliada},
  author={Hitpass, Bernhard},
  year={2017},
  publisher={Dr. Bernhard Hitpass}
}
@book{smith2003business,
  title={Business process management: the third wave},
  author={Smith, Howard and Fingar, Peter},
  volume={1},
  year={2003},
  publisher={Meghan-Kiffer Press Tampa}
}
@misc{garimella2008introduccion,
  title={Introducci{\'o}n a BPM para Dummies},
  author={Garimella, Kiran and Lees, Michael and Williams, Bruce},
  year={2008},
  publisher={Wiley Publishing, Inc.}
}
@article{abpmp2013v3,
  title={v3. 0},
  author={ABPMP, BPM CBOK},
  journal={Guide to the Business Process Management Common Body of},
  year={2013}
}
@misc{underdahl2013gestion,
  title={Gesti{\'o}n de procesos de negocio para dummies. Segunda edici{\'o}n limitada de IBM. Nueva Jersey},
  author={Underdahl, B},
  year={2013},
  publisher={John Wiley \& Sons, Inc}
}
@article{omg2011business,
  title={Business process model and notation (bpmn) version 2.0},
  author={Omg, OMG and Parida, R and Mahapatra, S},
  journal={Object Management Group},
  year={2011}
}
@book{Cmmn,
  title={Case Management Model and Notation (CMMN)},
  author={Object Management Group},
  year={2013},
  url={https://www.omg.org/spec/CMMN/1.0/Beta1/PDF}
  publisher={Object Management Group}
}
@book{Cmmn11,
  title={Case Management Model and Notation (CMMN) Version 1.1},
  author={Object Management Group},
  year={2016},
  url={https://www.omg.org/spec/CMMN/1.1/PDF}
}
@book{hitpass2017bpmn,
  title={BPMN Manual de Referencia y Gu{\'\i}a Pr{\'a}ctica 5a Edici{\'o}n: Con una introducci{\'o}n a CMMN y DMN},
  author={Hitpass, Bernhard and Freund, Jakob and Rucker, Bernd and Hitpass, Bernhard},
  year={2017},
  publisher={Dr. Bernhard Hitpass}
}
@article{marin2016introduction,
  title={Introduction to the case management model and notation (CMMN)},
  author={Marin, Mike A},
  journal={arXiv preprint arXiv:1608.05011},
  year={2016}
}
@inproceedings{hauder2014research,
  title={Research challenges in adaptive case management: a literature review},
  author={Hauder, Matheus and Pigat, Simon and Matthes, Florian},
  booktitle={2014 IEEE 18th International Enterprise Distributed Object Computing Conference Workshops and Demonstrations},
  pages={98--107},
  year={2014},
  organization={IEEE}
}
@article{breitenmoser2015case,
  title={Case management model and notation-a showcase},
  author={Breitenmoser, Remo and Keller, Thomas},
  journal={European Scientific Journal},
  volume={11},
  number={25},
  year={2015},
  publisher={European Scientific Journal}
}
@incollection{auer2014business,
  title={Business process management for knowledge Work: Considerations on current needs, basic concepts and models},
  author={Auer, Dagmar and Hinterholzer, Stefan and Kubovy, Jan and K{\"u}ng, Josef},
  booktitle={Novel methods and technologies for enterprise information systems},
  pages={79--95},
  year={2014},
  publisher={Springer}
}
@InProceedings{lemusenfoque,
  title={Enfoque para Flexibilizar el Modelo de Proceso de Negocio},
  author={Chaparro, Lo},
  booktitle={Congreso Andino de ComputaciÃ³n, InformÃ¡tica y EducaciÃ³n},
  organization = {Universidad de NariÃ±o},
  year={2013},
  note = {Ponencia}
}
@article{even2006action,
  title={Action elimination and stopping conditions for the multi-armed bandit and reinforcement learning problems},
  author={Even-Dar, Eyal and Mannor, Shie and Mansour, Yishay},
  journal={Journal of machine learning research},
  volume={7},
  number={Jun},
  pages={1079--1105},
  year={2006}
}
@book{taha2011operations,
  title={Operations research: an introduction},
  author={Taha, Hamdy A},
  volume={790},
  year={2011},
  publisher={Pearson/Prentice Hall Upper Saddle River, NJ, USA}
}
@book{brandstadt1999graph,
  title={Graph classes: a survey},
  author={Brandst{\"a}dt, Andreas and Le, Van Bang and Spinrad, Jeremy P},
  year={1999},
  publisher={SIAM}
}
@misc{Softmax,
author = {Eli Bendersky's website},
title = {The Softmax function and its derivative},
year = {2016},
howpublished = "https://eli.thegreenplace.net/2016/the-softmax-function-and-its-derivative/}",
urldate = {24-05-2021}
}

